@misc{xue2024fullordersamplingbasedmpctorquelevel,
    title= {\href{https://arxiv.org/abs/2409.15610}{Full-Order Sampling-Based MPC for Torque-Level Locomotion Control via Diffusion-Style Annealing}}, 
    author={Haoru Xue and Chaoyi Pan and Zeji Yi and Guannan Qu and Guanya Shi},
    year={2024},
    eprint={2409.15610},
    archivePrefix={arXiv},
    primaryClass={cs.RO},
    URL ={https://arxiv.org/abs/2409.15610}, 
}

@misc{zhang2025wholebodymodelpredictivecontrollegged,
  title= {\href{https://arxiv.org/abs/2503.04613}{Whole-Body Model-Predictive Control of Legged Robots with MuJoCo}}, 
  author={John Z. Zhang and Taylor A. Howell and Zeji Yi and Chaoyi Pan and Guanya Shi and Guannan Qu and Tom Erez and Yuval Tassa and Zachary Manchester},
  year={2025},
  eprint={2503.04613},
  archivePrefix={arXiv},
  primaryClass={cs.RO},
  url={https://arxiv.org/abs/2503.04613}, 
}

@misc{pezzato2025samplingbasedmodelpredictivecontrol,
  title= {\href{https://arxiv.org/abs/2307.09105}{Sampling-based Model Predictive Control Leveraging Parallelizable Physics Simulations}}, 
  author={Corrado Pezzato and Chadi Salmi and Elia Trevisan and Max Spahn and Javier Alonso-Mora and Carlos Hern√°ndez Corbato},
  year={2025},
  eprint={2307.09105},
  archivePrefix={arXiv},
  primaryClass={cs.RO},
  url={https://arxiv.org/abs/2307.09105}, 
}

@misc{hansen2024tdmpc2scalablerobustworld,
  title= {\href{https://arxiv.org/abs/2310.16828}{TD-MPC2: Scalable, Robust World Models for Continuous Control}}, 
  author={Nicklas Hansen and Hao Su and Xiaolong Wang},
  year={2024},
  eprint={2310.16828},
  archivePrefix={arXiv},
  primaryClass={cs.LG},
  url={https://arxiv.org/abs/2310.16828}, 
}

@misc{huang2024adaptivecontactimplicitmodelpredictive,
      title= {\href{https://arxiv.org/abs/2310.09893}{Adaptive Contact-Implicit Model Predictive Control with Online Residual Learning}}, 
      author={Wei-Cheng Huang and Alp Aydinoglu and Wanxin Jin and Michael Posa},
      year={2024},
      eprint={2310.09893},
      archivePrefix={arXiv},
      primaryClass={cs.RO},
      url={https://arxiv.org/abs/2310.09893}, 
}

@misc{jin2025complementarityfreemulticontactmodelingoptimization,
      title= {\href{{https://arxiv.org/abs/2408.07855}}{Complementarity-Free Multi-Contact Modeling and Optimization for Dexterous Manipulation}}, 
      author={Wanxin Jin},
      year={2025},
      eprint={2408.07855},
      archivePrefix={arXiv},
      primaryClass={cs.RO},
      url={https://arxiv.org/abs/2408.07855}, 
}